<?xml version="1.0" encoding="UTF-8"?><collection xmlns="http://www.loc.gov/MARC21/slim"><record><leader>00564nam--2200157-u-4500</leader><controlfield tag="001">000056581</controlfield><controlfield tag="002">20161230</controlfield><controlfield tag="005">20161230201052</controlfield><controlfield tag="008">160120s1000------------r-----000-0-eng-d</controlfield><datafield ind1=" " ind2=" " tag="040"><subfield code="a">IFIN-HH</subfield></datafield><datafield ind1=" " ind2=" " tag="080"><subfield code="a">550.3:552.1(083.3)</subfield></datafield><datafield ind1="1" ind2=" " tag="100"><subfield code="a">Landolt-bornstein</subfield></datafield><datafield ind1="1" ind2="0" tag="245"><subfield code="a">Zahlenwerte und funktionen aus naturwissenschaften und technik. neue serie: gruppe v. geophysik und weltraumforschung. band 1. physikalische eigenschaften der gesteine. teilband a</subfield><subfield code="c">Landolt-bornstein</subfield></datafield><datafield ind1=" " ind2=" " tag="260"><subfield code="a">Berlin</subfield><subfield code="b">Springer-verlag</subfield><subfield code="c">1982</subfield></datafield><datafield ind1=" " ind2=" " tag="300"><subfield code="a">X+373P</subfield></datafield><datafield ind1=" " ind2=" " tag="CAT"><subfield code="a">Sys</subfield><subfield code="c">20160120</subfield><subfield code="h">111131</subfield></datafield></record></collection>